@article{steen2007distributed,
  title   = {Distributed systems: principles and paradigms},
  author  = {Steen, Maarten van and Tanenbaum, Andrew S},
  journal = {Pearson},
  year    = {2007}
}

@article{kotseruba2016review,
  title     = {A review of 40 years of cognitive architecture research: Focus on perception, attention, learning and applications},
  author    = {Kotseruba, Iuliia and Gonzalez, Oscar J Avella and Tsotsos, John K},
  journal   = {arXiv preprint arXiv:1610.08602},
  pages     = {1--74},
  year      = {2016},
  publisher = {eprint}
}

@book{larman2012applying,
  title     = {Applying UML and patterns: an introduction to object oriented analysis and design and interative development},
  author    = {Larman, Craig},
  year      = {2012},
  publisher = {Pearson Education India}
}

@book{fowler2004uml,
  title     = {UML distilled: a brief guide to the standard object modeling language},
  author    = {Fowler, Martin},
  year      = {2004},
  publisher = {Addison-Wesley Professional}
}

@misc{booch1994oo,
  title     = {OO Analysis and design with applications},
  author    = {Booch, Grady},
  year      = {1994},
  publisher = {Addison-Wesley Reading}
}